@Article{besold-2019-computational-creativity-meets-digital-literary-studies-dagstuhl-seminar-19172,
	author =	{Tarek Richard Besold and Pablo Gerv{\'a}s and Evelyn Gius and Sarah Schulz},
	title =	{{Computational Creativity Meets Digital Literary Studies (Dagstuhl Seminar 19172)}},
	pages =	{87--106},
	journal =	{Dagstuhl Reports},
	ISSN =	{2192-5283},
	year =	{2019},
	volume =	{9},
	number =	{4},
	editor =	{Tarek Richard Besold and Pablo Gerv{\'a}s and Evelyn Gius and Sarah Schulz},
	publisher =	{Schloss Dagstuhl--Leibniz-Zentrum fuer Informatik},
	address =	{Dagstuhl, Germany},
	URL =		{http://drops.dagstuhl.de/opus/volltexte/2019/11305},
	URN =		{urn:nbn:de:0030-drops-113054},
	doi =		{10.4230/DagRep.9.4.87},
	annote =	{Keywords: computational creativity, computational narrativity, digital humanities, digital literary studies, storytellin}
}

@inproceedings{schuster-2016-enhanced-english-universal-dependencies-an-improved-representation-for-natural-language-understanding-tasks,
	author    = {Sebastian Schuster and
	Christopher D. Manning},
	title     = {Enhanced English Universal Dependencies: An Improved Representation
	for Natural Language Understanding Tasks},
	booktitle = {Proceedings of the Tenth International Conference on Language Resources
	and Evaluation {LREC} 2016, Portoro{\v{z}}, Slovenia, May 23-28, 2016},
	year      = {2016},
}

@inproceedings{wu-2019-evaluating-image-inspired-poetry-generation,
	author    = {Chao{-}Chung Wu and
	Ruihua Song and
	Tetsuya Sakai and
	Wen{-}Feng Cheng and
	Xing Xie and
	Shou{-}De Lin},
	title     = {Evaluating Image-Inspired Poetry Generation},
	booktitle = {Natural Language Processing and Chinese Computing - 8th {CCF} International
	Conference, {NLPCC} 2019, Dunhuang, China, October 9-14, 2019, Proceedings,
	Part {I}},
	pages     = {539--551},
	year      = {2019},
}

@inproceedings{buechel-2016-feelings-from-the-past-adapting-affective-lexicons-for-historical-emotion-analysis,
	author    = {Sven Buechel and
	Johannes Hellrich and
	Udo Hahn},
	title     = {Feelings from the Past - Adapting Affective Lexicons for Historical
	Emotion Analysis},
	booktitle = {Proceedings of the Workshop on Language Technology Resources and Tools
	for Digital Humanities, LT4DH@COLING, Osaka, Japan, December 2016},
	pages     = {54--61},
	year      = {2016},
}

@inproceedings{weber-2018-event-representations-with-tensor-based-compositions,
	author    = {Noah Weber and
	Niranjan Balasubramanian and
	Nathanael Chambers},
	title     = {Event Representations With Tensor-Based Compositions},
	booktitle = {Proceedings of the Thirty-Second {AAAI} Conference on Artificial Intelligence,
	(AAAI-18), the 30th innovative Applications of Artificial Intelligence
	(IAAI-18), and the 8th {AAAI} Symposium on Educational Advances in
	Artificial Intelligence (EAAI-18), New Orleans, Louisiana, USA, February
	2-7, 2018},
	pages     = {4946--4953},
	year      = {2018},
	tags      = {event embedding, sentence embedding},
}

@inproceedings{mao-2018-word-embedding-and-wordnet-based-metaphor-identification-and-interpretation,
	author    = {Rui Mao and
	Chenghua Lin and
	Frank Guerin},
	title     = {Word Embedding and WordNet Based Metaphor Identification and Interpretation},
	booktitle = {Proceedings of the 56th Annual Meeting of the Association for Computational
	Linguistics, {ACL} 2018, Melbourne, Australia, July 15-20, 2018, Volume
	1: Long Papers},
	pages     = {1222--1231},
	year      = {2018},
}

@inproceedings{seyeditabari-2017-can-word-embeddings-help-find-latent-emotions-in-text-preliminary-results,
	author    = {Armin Seyeditabari and
	Wlodek Zadrozny},
	title     = {Can Word Embeddings Help Find Latent Emotions in Text? Preliminary
	Results},
	booktitle = {Proceedings of the Thirtieth International Florida Artificial Intelligence
	Research Society Conference, {FLAIRS} 2017, Marco Island, Florida,
	USA, May 22-24, 2017.},
	pages     = {206--209},
	year      = {2017},
	tags      = {joy+fear=guilt, word embedding, vector semantics, arithmetic calculation for emotions}
}

@article{baumer-2010-computational-metaphor-identification-a-method-for-identifying-conceptual-metaphors-in-written-text,
	author = {Baumer, Eric and Tomlinson, Bill and Richland, Lindsey},
	year = {2010},
	month = {09},
	pages = {},
	title = {Computational metaphor identification: a method for identifying conceptual metaphors in written text},
	journal = {Finance}
}

@inproceedings{nivre-2016-universal-dependencies-v1-a-multilingual-treebank-collection,
	author    = {Joakim Nivre and
	Marie{-}Catherine de Marneffe and
	Filip Ginter and
	Yoav Goldberg and
	Jan Hajic and
	Christopher D. Manning and
	Ryan T. McDonald and
	Slav Petrov and
	Sampo Pyysalo and
	Natalia Silveira and
	Reut Tsarfaty and
	Daniel Zeman},
	title     = {Universal Dependencies v1: {A} Multilingual Treebank Collection},
	booktitle = {Proceedings of the Tenth International Conference on Language Resources
	and Evaluation {LREC} 2016, Portoro{\v{z}}, Slovenia, May 23-28, 2016.},
	year      = {2016},
}

@inproceedings{agrawal-2018-learning-emotion-enriched-word-representations,
	author    = {Ameeta Agrawal and
	Aijun An and
	Manos Papagelis},
	title     = {Learning Emotion-enriched Word Representations},
	booktitle = {Proceedings of the 27th International Conference on Computational
	Linguistics, {COLING} 2018, Santa Fe, New Mexico, USA, August 20-26,
	2018},
	pages     = {950--961},
	year      = {2018},
}

@inproceedings{mao-2019-sentiment-aware-word-embedding-for-emotion-classification,
	author    = {Xingliang Mao and Shuai Chang and  Jinjing Shi},
	title     = {Sentiment-Aware Word Embedding for Emotion Classification},
	year      = {2019},
	tag       = {semantic vectors with emotions}
}

@inproceedings{daza-2016-automatic-text-generation-by-learning-from-literary-structures,
	author    = {Angel Daza and
	Hiram Calvo and
	Jes{\'{u}}s Figueroa{-}Nazuno},
	title     = {Automatic Text Generation by Learning from Literary Structures},
	booktitle = {Proceedings of the Fifth Workshop on Computational Linguistics for
	Literature, CLfL@NAACL-HLT 2016, June 16, 2016, San Diego, California,
	{USA}},
	pages     = {9--19},
	year      = {2016},
	tag       = {literary, aesthetic, story generation}
}

@inproceedings{muth-2015-the-appeal-of-challenge-in-the-perception-of-art-how-ambiguity-solvability-of-ambiguity-and-the-opportunity-for-insight-affect-appreciation,
	title={The Appeal of Challenge in the Perception of Art: How Ambiguity, Solvability of Ambiguity, and the Opportunity for Insight Affect Appreciation},
	author={Claudia Muth and Vera M. Hesslinger and Claus-Christian Carbon},
	year={2015}
}

@article{jordanous-2012-a-standardised-procedure-for-evaluating-creative-systems-computational-creativity-evaluation-based-on-what-it-is-to-be-creative,
	author    = {Anna Jordanous},
	title     = {A Standardised Procedure for Evaluating Creative Systems: Computational
	Creativity Evaluation Based on What it is to be Creative},
	journal   = {Cognitive Computation},
	volume    = {4},
	number    = {3},
	pages     = {246--279},
	year      = {2012},
	tags      = {creativity index},
}

@article{li-2017-inferring-affective-meanings-of-words-from-word-embedding,
	author    = {Minglei Li and
	Qin Lu and
	Yunfei Long and
	Lin Gui},
	title     = {Inferring Affective Meanings of Words from Word Embedding},
	journal   = {{IEEE} Trans. Affective Computing},
	volume    = {8},
	number    = {4},
	pages     = {443--456},
	year      = {2017},
}

@inproceedings{ono-2015-word-embedding-based-antonym-detection-using-thesauri-and-distributional-information,
	title = {Word Embedding-based Antonym Detection using Thesauri and Distributional Information},
	author = {Ono, Masataka  and
	Miwa, Makoto  and
	Sasaki, Yutaka},
	booktitle = {Proceedings of the 2015 Conference of the North {A}merican Chapter of the Association for Computational Linguistics: Human Language Technologies},
	year = {2015},
}

@inproceedings{veale-2013-once-more-with-feeling-using-creative-affective-metaphors-to-express-information-needs,
	author    = {Tony Veale},
	title     = {Once More, With Feeling! Using Creative Affective Metaphors to Express Information Needs},
	booktitle = {Proceedings of the Fourth International Conference on Computational
	Creativity, Sidney, Australia, June 12-14, 2013.},
	pages     = {16--23},
	year      = {2013},
	summary   = {how a computational model of
	affective comprehension and generation allows IR users to
	express their information needs with creative metaphors that
	concisely allude to a dense body of assertions.},
	tags      = {metaphors}
}

@inproceedings{oneill-2011-toward-a-computational-framework-of-suspense-and-dramatic-arc,
	author    = {Brian O'Neill and
	Mark Riedl},
	title     = {Toward a Computational Framework of Suspense and Dramatic Arc},
	booktitle = {Affective Computing and Intelligent Interaction - 4th International
	Conference, {ACII} 2011, Memphis, TN, USA, October 9-12, 2011, Proceedings,
	Part {I}},
	pages     = {246--255},
	year      = {2011},
	tags      = {suspense evaluation, suspense measurement},
}

@inproceedings{cheong-2006-a-computational-model-of-narrative-generation-for-suspense,
	author    = {Yun{-}Gyung Cheong},
	title     = {A Computational Model of Narrative Generation for Suspense},
	booktitle = {Proceedings, The Twenty-First National Conference on Artificial Intelligence
	and the Eighteenth Innovative Applications of Artificial Intelligence
	Conference, July 16-20, 2006, Boston, Massachusetts, {USA}},
	pages     = {1906--1907},
	year      = {2006},
	tags      = {suspense generation}
}

@article{vecchi-2016-spicy-adjectives-and-nominal-donkeys-capturing-semantic-deviance-using-compositionality-in-distributional-spaces,
	author = {Vecchi, Eva and Marelli, Marco and Zamparelli, Roberto and Baroni, Marco},
	year = {2016},
	month = {03},
	pages = {},
	title = {Spicy Adjectives and Nominal Donkeys: Capturing Semantic Deviance Using Compositionality in Distributional Spaces},
	volume = {41},
	journal = {Cognitive Science},
	doi = {10.1111/cogs.12330},
	tags = {adjective acceptance}
}

@inproceedings{dhar-2019-learning-to-predict-novel-noun-noun-compounds,
	author    = {Prajit Dhar and
	Lonneke van der Plas},
	title     = {Learning to Predict Novel Noun-Noun Compounds},
	booktitle = {Proceedings of the Joint Workshop on Multiword Expressions and WordNet,
	MWE-WN@ACL 2019, Florence, Italy, August 2, 2019},
	pages     = {30--39},
	year      = {2019},
	tags = {noun compounds}
}

@inproceedings{fan-2018-hierarchical-neural-story-generation,
	author    = {Angela Fan and Mike Lewis and Yann N. Dauphin},
	title     = {Hierarchical Neural Story Generation},
	booktitle = {Proceedings of the 56th Annual Meeting of the Association for Computational
	Linguistics, {ACL} 2018, Melbourne, Australia, July 15-20, 2018, Volume
	1: Long Papers},
	pages     = {889--898},
	year      = {2018},
}

@article{reiter-2000-building-natural-language-generation-systems,
	author    = {Ehud Reiter and Robert Dale},
	title     = {Building Natural Language Generation Systems},
	journal   = {Cambridge university press},
	year      = {2000},
}

@inproceedings{fan-2019-strategies-for-structuring-story-generation,
	author    = {Angela Fan and
	Mike Lewis and
	Yann N. Dauphin},
	title     = {Strategies for Structuring Story Generation},
	booktitle = {Proceedings of the 57th Conference of the Association for Computational
	Linguistics, {ACL} 2019, Florence, Italy, July 28- August 2, 2019,
	Volume 1: Long Papers},
	pages     = {2650--2660},
	year      = {2019},
}

@inproceedings{wellek-2019-non-monotonic-sequential-text-generation,
	author    = {Sean Welleck and
	Kiant{\'{e}} Brantley and
	Hal Daum{\'{e}} III and
	Kyunghyun Cho},
	title     = {Non-Monotonic Sequential Text Generation},
	booktitle = {Proceedings of the 36th International Conference on Machine Learning,
	{ICML} 2019, 9-15 June 2019, Long Beach, California, {USA}},
	pages     = {6716--6726},
	year      = {2019},
	summary   = {},
}

@book{bernard-2016-computational-methods-for-integrating-vision-and-language,
	author    = {Kobus Barnard},
	title     = {Computational Methods for Integrating Vision and Language},
	series    = {Synthesis Lectures on Computer Vision},
	publisher = {Morgan {\&} Claypool Publishers},
	year      = {2016},
	tags      = {vision language, image captioning survey}
}


@article{dean-2006-the-kuleshov-effect-the-influence-of-contextual-framing-on-emotional-attributions,
	author = {Mobbs, Dean and Weiskopf, Nikolaus and Lau, Hakwan C. and Featherstone, Eric and Dolan, Ray J. and Frith, Chris D.},
	title = "{The Kuleshov Effect: the influence of contextual framing on emotional attributions}",
	journal = {Social Cognitive and Affective Neuroscience},
	volume = {1},
	number = {2},
	pages = {95-106},
	year = {2006}

}



@article{barratt-2016-does-the-kuleshov-effect-really-exist-revisiting-a-classic-film-experiment-on-facial-expressions-and-emotional-contexts,
	author = {Daniel Barratt and Anna Cabak Rédei and Åse Innes-Ker and Joost van de Weijer},
	title ={Does the Kuleshov Effect Really Exist? Revisiting a Classic Film Experiment on Facial Expressions and Emotional Contexts},
	journal = {Perception},
	volume = {45},
	number = {8},
	pages = {847-874},
	year = {2016}
}


@inproceedings{kauttonen-2014-model-of-narrative-nowness-for-neurocinematic-experiments,
	author    = {Janne Kauttonen and
	Mauri Kaipainen and
	Pia Tikka},
	title     = {Model of Narrative Nowness for Neurocinematic Experiments},
	booktitle = {2014 Workshop on Computational Models of Narrative, {CMN} 2014, July
	31 - August 2, 2014, Quebec City, Canada},
	pages     = {77--87},
	year      = {2014},
}

@article{rahmani-2019-difficulty-degree-prediction-of-video-exergames,
	author    = {Mohammad Rahmani},
	title     = {Difficulty Degree Prediction of Video Exergames. Games for Health Journal},
	journal = {Under-development},
	pages     = {789--797},
	year      = {2019},
}

@article{rahmani-2019-real-time-personalized-difficulty-degree-measurement-of-video-exergames-with-composite-multi-dimensional-goals-for-cerebral-palsy-patients,
	author    = {Mohammad Rahmani},
	title     = {Real-Time Personalized Difficulty Degree Measurement of Video Exergames with Composite Multi-Dimensional Goals for Cerebral Palsy Patients.},
	journal = {Under-development},
	pages     = {789--797},
	year      = {2019},
}

@article{rahmani-2018-instant-measurement-of-the-difficulty-level-of-exergames-with-simple-uni-dimensional-level-goals-for-cerebral-palsy-players,
	author    = {Mohammad Rahmani, Blas Herrera, Oleh Kachmar, Julián Cristiano, Domenec Puig},
	title     = {Instant Measurement of the Difficulty Level of Exergames with Simple Uni-Dimensional Level
	Goals for Cerebral Palsy Players
	},
	journal = {JCSG2018},
	pages     = {789--797},
	year      = {2018},
}

@inproceedings{rahmani-2019-survey-on-automatic-story-generation,
	author    = {Mohammad Rahmani},
	title     = {Survey on Automatic Story Generation},
	booktitle = {Under-development},
	pages     = {789--797},
	year      = {2019},
}

@inproceedings{chambers-2008-unsupervised-learning-of-narrative-event-chains,
	author    = {Nathanael Chambers and Daniel Jurafsky},
	title     = {Unsupervised Learning of Narrative Event Chains},
	booktitle = {{ACL} 2008, Proceedings of the 46th Annual Meeting of the Association
	for Computational Linguistics, June 15-20, 2008, Columbus, Ohio, {USA}},
	pages     = {789--797},
	year      = {2008},
	tags= {event extraction, evets extraction, script extraction},
	summary={unsupervised learning causal chains that revolve around a protagonist.},
}

@article{hochreiter-1997-long-short-term-memory,
	author = {Hochreiter, Sepp and Schmidhuber, J\"{u}rgen},
	title = {Long Short-Term Memory},
	journal = {Neural Comput.},
	issue_date = {November 15, 1997},
	volume = {9},
	number = {8},
	month = nov,
	year = {1997},
	issn = {0899-7667},
	pages = {1735--1780},
	numpages = {46},
	tags={lstm, first lstm, lstm with math},
} 


@inproceedings{sutskever-2014-sequence-to-sequence-learning-with-neural-networks,
	author    = {Ilya Sutskever and
	Oriol Vinyals and
	Quoc V. Le},
	title     = {Sequence to Sequence Learning with Neural Networks},
	booktitle = {Advances in Neural Information Processing Systems 27: Annual Conference
	on Neural Information Processing Systems 2014, December 8-13 2014,
	Montreal, Quebec, Canada},
	pages     = {3104--3112},
	year      = {2014},
	tags={sequece to sequence, seq2seq, seq2seq based on LSTM, seq2seq frequent mentioned},
}

@article{welleck-2019-neural-text-generation-with-unlikelihood-training,
	title={Neural Text Generation with Unlikelihood Training},
	author={Sean Welleck and Ilia Kulikov and Stephen Roller and Emily Dinan and Kyunghyun Cho and Jason Weston},
	journal={ArXiv},
	year={2019},
	volume={abs/1908.04319}
}

@inproceedings{pease-2011-on-impact-and-evaluation-in-computational-creativity-a-discussion-of-the-turing-test-and-an-alternative-proposal,
	title = {On impact and evaluation in computational creativity: a discussion of the Turing Test and an alternative proposal},
	author = {Alison Pease and Simon Colton},
	year = {2011},
}

@inproceedings{barzilay-2005-modeling-local-coherence-an-entity-based-approach,
	title = {Modeling Local Coherence: An Entity-Based Approach},
	author = {Barzilay, Regina  and
	Lapata, Mirella},
	booktitle = {Proceedings of the 43rd Annual Meeting of the Association for Computational Linguistics ({ACL}{'}05)},
	year = {2005},
}

@article{turner-1994-the-creative-process-a-computer-model-of-storytelling-and-creativity,
	author    = {Stephanie W. Haas},
	title     = {The Creative Process: {A} Computer Model of Storytelling and Creativity,
	by Scott R. Turner},
	journal   = {{JASIS}},
	volume    = {47},
	number    = {3},
	pages     = {252--254},
	year      = {1996}
}

@inproceedings{dong-2017-learning-to-generate-product-reviews-from-attributes,
	author    = {Ming Zhou and
	Mirella Lapata and
	Furu Wei and
	Li Dong and
	Shaohan Huang and
	Ke Xu},
	title     = {Learning to Generate Product Reviews from Attributes},
	booktitle = {Proceedings of the 15th Conference of the European Chapter of the
	Association for Computational Linguistics, {EACL} 2017, Valencia,
	Spain, April 3-7, 2017, Volume 1: Long Papers},
	pages     = {623--632},
	year      = {2017},
}

@inproceedings{ghosh-2017-affect-lm-a-neural-language-model-for-customizable-affective-text-generation,
	author    = {Sayan Ghosh and
	Mathieu Chollet and
	Eugene Laksana and
	Louis{-}Philippe Morency and
	Stefan Scherer},
	title     = {Affect-LM: {A} Neural Language Model for Customizable Affective Text
	Generation},
	booktitle = {Proceedings of the 55th Annual Meeting of the Association for Computational
	Linguistics, {ACL} 2017, Vancouver, Canada, July 30 - August 4, Volume
	1: Long Papers},
	pages     = {634--642},
	year      = {2017},
}

@article{verbert-2013-learning-analytics-dashboard-applications,
	title = {Learning analytics dashboard applications},
	author = {K. Verbert and E. Duval and J. Klerkx and S. Govaerts and J.L. Santos},
	year = {2013},
	doi = {10.1177/0002764213479363},
	language = {English},
	volume = {57},
	pages = {1500--1509},
	journal = {American Behavioral Scientist},
	issn = {0002-7642},
	publisher = {SAGE Publications Ltd},
	number = {10},
}

@inproceedings{corrin-2013-enhancing-learning-analytics-by-understanding-the-needs-of-teachers,
	author = {Corrin, Linda and Kennedy, Gregor and Mulder, Raoul},
	year = {2013},
	month = {12},
	pages = {},
	title = {Enhancing learning analytics by understanding the needs of teachers}
}

@inproceedings{elias-2017-storytelling-in-visual-analytics-tools-for-business-intelligence,
	TITLE = {{Storytelling in Visual Analytics tools for Business Intelligence}},
	AUTHOR = {Elias, Micheline and Aufaure, Marie-Aude and Bezerianos, Anastasia},
	URL = {https://hal.inria.fr/hal-00817732},
	NOTE = {Brian Shackel Award},
	BOOKTITLE = {{INTERACT 2013 - 14th IFIP TC13 Conference on Human-Computer Interaction}},
	ADDRESS = {Cape Town, South Africa},
	PUBLISHER = {{Springer}},
	SERIES = {Lecture Notes in Computer Science},
	VOLUME = {8119},
	PAGES = {280-297},
	YEAR = {2017},
	tags={visual storytelling, data storytelling},
}
@article{siemens-2011-penetrating-the-fog-analytics-in-learning-and-education,
	author = {Siemens, George and Long, Phil},
	year = {2011},
	month = {01},
	pages = {30-32},
	title = {Penetrating the Fog: Analytics in Learning and Education},
	volume = {5},
	journal = {EDUCAUSE Review},
	doi = {10.17471/2499-4324/195},
	tags={learning analytics}
}

@incollection{van-der-sluis-2010-towards-empirical-evaluation-of-affective-tactical-nlg-empirical-methods-in-natural-language-generation,
	author = {van der Sluis, Ielka and Mellish, Chris},
	chapter = {Towards Empirical Evaluation of Affective Tactical NLG},
	title = {Empirical Methods in Natural Language Generation},
	editor = {Krahmer, Emiel and Theune, Mari\"{e}t},
	year = {2010},
	isbn = {3-642-15572-3, 978-3-642-15572-7},
	pages = {242--263},
	numpages = {22},
	url = {http://dl.acm.org/citation.cfm?id=1880370.1880387},
	acmid = {1880387},
	publisher = {Springer-Verlag},
	address = {Berlin, Heidelberg},
	tags = {affective nlg}
} 

@article{echeverria-2018-exploratory-versus-explanatory-visual-learning-analytics-driving-teachers-attention-through-educational-data-storytelling,
	author = {Echeverria, Vanessa and Martinez-Maldonado, Roberto and Buckingham Shum, Simon and Chiluiza, Katherine and Granda, Roger and Conati, Cristina},
	year = {2018},
	month = {08},
	pages = {},
	title = {Exploratory versus Explanatory Visual Learning Analytics: Driving Teachers' Attention through Educational Data Storytelling},
	volume = {5},
	journal = {Journal of Learning Analytics},
	doi = {10.18608/jla.2018.53.6}, 
	tag={"data storytelling"}
}

@inproceedings{modi-2014-learning-semantic-script-knowledge-with-event-embeddings,
	author    = {Ashutosh Modi and
	Ivan Titov},
	title     = {Learning Semantic Script Knowledge with Event Embeddings},
	booktitle = {2nd International Conference on Learning Representations, {ICLR} 2014,
	Banff, AB, Canada, April 14-16, 2014, Workshop Track Proceedings},
	year      = {2014},
}

@inproceedings{modi-2016-event-embeddings-for-semantic-script-modeling,
	author    = {Ashutosh Modi},
	title     = {Event Embeddings for Semantic Script Modeling},
	booktitle = {Proceedings of the 20th {SIGNLL} Conference on Computational Natural
	Language Learning, CoNLL 2016, Berlin, Germany, August 11-12, 2016},
	pages     = {75--83},
	year      = {2016},
	tags = {sequence embedding, script embedding}
}

@article{mairesse-2011-controlling-user-perceptions-of-linguistic-style-trainable-generation-of-personality-traits,
	author = {Mairesse, Fran\c{c}ois and Walker, Marilyn A.},
	title = {Controlling User Perceptions of Linguistic Style: Trainable Generation of Personality Traits},
	journal = {Comput. Linguist.},
	issue_date = {September 2011},
	volume = {37},
	number = {3},
	month = sep,
	year = {2011},
	issn = {0891-2017},
	pages = {455--488},
	numpages = {34},
	url = {http://dx.doi.org/10.1162/COLI_a_00063},
	doi = {10.1162/COLI_a_00063},
	acmid = {2078089},
	publisher = {MIT Press},
	address = {Cambridge, MA, USA},
} 


@article{hochreiter-1997-long-short-term-memory,
	author = {Hochreiter, Sepp and Schmidhuber, J\"{u}rgen},
	title = {Long Short-Term Memory},
	journal = {Neural Comput.},
	issue_date = {November 15, 1997},
	volume = {9},
	number = {8},
	month = nov,
	year = {1997},
	issn = {0899-7667},
	pages = {1735--1780},
	numpages = {46},
	url = {http://dx.doi.org/10.1162/neco.1997.9.8.1735},
	doi = {10.1162/neco.1997.9.8.1735},
	acmid = {1246450},
	publisher = {MIT Press},
	address = {Cambridge, MA, USA},
} 

@inproceedings{moran-2009-ubiquitous-monitoring-and-human-behaviour-in-intelligent-pervasive-spaces,
	author = {Moran, Stuart and Nakata, Keiichi},
	year = {2009},
	month = {01},
	pages = {1082-1087},
	title = {Ubiquitous Monitoring and Human Behaviour in Intelligent Pervasive Spaces},
	volume = {4},
	journal = {Proceedings - 12th IEEE International Conference on Computational Science and Engineering, CSE 2009},
	doi = {10.1109/CSE.2009.46}
}

@article{zhou-2015-achievement-goal-orientations-and-self-reported-study-strategies-as-predictors-of-online-studying-activities,
	author = {Olusola O. Adesope and Mingming Zhou and John C. Nesbit},
	title ={Achievement Goal Orientations and Self-Reported Study Strategies as Predictors of Online Studying Activities},
	journal = {Journal of Educational Computing Research},
	volume = {53},
	number = {3},
	pages = {436-458},
	year = {2015},
}



@article{wilson-1999-models-in-information-behaviour-research,
	title={Models in information behaviour research},
	author={T. D. Wilson},
	journal={Journal of Documentation},
	year={1999},
	volume={55},
	pages={249-270},
	tags={behviour}
}
@book{tanes-2011-using-signals-for-appropriate-feedback-perceptions-and-practices,
	author={Tanes , Arnold, K. E., King, A. S., Remnet, M. A.},
	title={Using Signals for appropriate feedback: Perceptions and practices},
	journal={Computers and Education},
	year={2011},
	tags={learning analytics, dashboards, data-storytelling},
}

@inproceedings{corrin-2014-exploring-students-interpretation-of-feedback-delivered-through-learning-analytics-dashboards,
	author = {Corrin, Linda and de Barba, Paula},
	year = {2014},
	month = {11},
	pages = {},
	title = {Exploring students' interpretation of feedback delivered through learning analytics dashboards}, 
	tags={learning analytics, dashboards, data-storytelling}
}

@inproceedings{kulkarni-2011-baby-talk-understanding-and-generating-simple-image-descriptions,
	author = {Kulkarni, Girish and Premraj, Visruth and Dhar, Sagnik and Li, Siming and Yejin, Choi and C Berg, Alexander and L Berg, Tamara},
	year = {2011},
	month = {07},
	pages = {1601 - 1608},
	title = {Baby Talk: Understanding and Generating Simple Image Descriptions},
	volume = {35},
	journal = {Pattern Analysis and Machine Intelligence, IEEE Transactions on},
	doi = {10.1109/CVPR.2011.5995466}
}

@book{mcdonald-1985-a-computational-theory-of-prose-style-for-natural-language-generation,
	title = "A Computational Theory of Prose Style for Natural Language Generation",
	author = "McDonald, David D.  and
	Pustejovsky, James D.",
	booktitle = "Second Conference of the {E}uropean Chapter of the Association for Computational Linguistics",
	month = mar,
	year = "1985",
	address = "Geneva, Switzerland",
	publisher = "Association for Computational Linguistics",
	url = "https://www.aclweb.org/anthology/E85-1027",
	}
@inproceedings{huang-2016-visual-storytelling,
	author = {Huang , Ting-Hao and Ferraro, Francis and Mostafazadeh, Nasrin and Misra, Ishan and Agrawal, Aishwarya and Devlin, Jacob and Girshick, Ross and He, Xiaodong and Kohli, Pushmeet and Batra, Dhruv and Lawrence Zitnick, C and Parikh, Devi and Vanderwende, Lucy and Galley, Michel and Mitchell, Margaret},
	year = {2016},
	month = {04},
	pages = {1233-1239},
	title = {Visual Storytelling},
	doi = {10.18653/v1/N16-1147}
}

@inproceedings{farhadi-2010-every-picture-tells-a-story-generating-sentences-from-images,
	author = {Farhadi, Ali and Hejrati, Mohsen and Sadeghi, Amin and Young, Peter and Rashtchian, Cyrus and Hockenmaier, Julia and A. Forsyth, David},
	year = {2010},
	month = {09},
	pages = {15-29},
	title = {Every Picture Tells a Story: Generating Sentences from Images},
	volume = {6314},
	journal = {Proceedings of the European Conference on Computer Vision (ECCV'10)},
	doi = {10.1007/978-3-642-15561-1_2}
}

@inproceedings{mitchell-2012-midge-generating-image-descriptions-from-computer-vision-detections,
	title = "{M}idge: Generating Image Descriptions From Computer Vision Detections",
	author = "Mitchell, Margaret  and
	Dodge, Jesse  and
	Goyal, Amit  and
	Yamaguchi, Kota  and
	Stratos, Karl  and
	Han, Xufeng  and
	Mensch, Alyssa  and
	Berg, Alex  and
	Berg, Tamara  and
	Daum{\'e} III, Hal",
	booktitle = "Proceedings of the 13th Conference of the {E}uropean Chapter of the Association for Computational Linguistics",
	month = apr,
	year = "2012",
	address = "Avignon, France",
	publisher = "Association for Computational Linguistics"
	pages = "747--756",
}

@inproceedings{kiros-2015-skip-thought-vectors,
	author    = {Ryan Kiros and
	Yukun Zhu and
	Ruslan Salakhutdinov and
	Richard S. Zemel and
	Raquel Urtasun and
	Antonio Torralba and
	Sanja Fidler},
	title     = {Skip-Thought Vectors},
	booktitle = {Advances in Neural Information Processing Systems 28: Annual Conference
	on Neural Information Processing Systems 2015, December 7-12, 2015,
	Montreal, Quebec, Canada},
	pages     = {3294--3302},
	year      = {2015},
}
@inproceedings{galanter-2003-what-is-generative-art-complexity-theory-as-a-context-for-art-theory,
	author = {Galanter, Philip},
	year = {2003},
	month = {01},
	pages = {},
	title = {What is generative art? Complexity theory as a context for art theory}
}

@article{xiao-2019-conceptual-representations-for-computational-concept-creation,
	author = {Xiao, Ping and Toivonen, Hannu and Gross, Oskar and Cardoso, Am\'{\i}lcar and Correia, Jo\~{a}o and Machado, Penousal and Martins, Pedro and Oliveira, Hugo Goncalo and Sharma, Rahul and Pinto, Alexandre Miguel and D\'{\i}az, Alberto and Francisco, Virginia and Gerv\'{a}s, Pablo and Herv\'{a}s, Raquel and Le\'{o}n, Carlos and Forth, Jamie and Purver, Matthew and Wiggins, Geraint A. and Miljkovi\'{c}, Dragana and Podpe\v{c}an, Vid and Pollak, Senja and Kralj, Jan and \v{Z}nidar\v{s}i\v{c}, Martin and Bohanec, Marko and Lavra\v{c}, Nada and Urban\v{c}i\v{c}, Tanja and Velde, Frank Van Der and Battersby, Stuart},
	title = {Conceptual Representations for Computational Concept Creation},
	journal = {ACM Comput. Surv.},
	volume = {52},
	number = {1},
	month = feb,
	year = {2019}
} 

@article{lee-1984-a-review-of-story-grammars,
	author    = {Seunghwan Lee},
	title     = {A Review of Story Grammars},
	year      = {1984},
}

@inproceedings{gervas-2013-propps-morphology-of-the-folk-tale-as-a-grammar-for-generation,
	author    = {Stephen G. Ware and
	Robert Michael Young},
	title     = {{CPOCL:} {A} Narrative Planner Supporting Conflict},
	booktitle = {Proceedings of the Seventh {AAAI} Conference on Artificial Intelligence
	and Interactive Digital Entertainment, {AIIDE} 2011, October 10-14,
	2011, Stanford, California, {USA}},
	year      = {2011},
}

@inproceedings{ware-2011-cpocl-a-narrative-planner-supporting-conflict,
	author    = {Stephen G. Ware and
	Robert Michael Young},
	title     = {{CPOCL:} {A} Narrative Planner Supporting Conflict},
	booktitle = {Proceedings of the Seventh {AAAI} Conference on Artificial Intelligence
	and Interactive Digital Entertainment, {AIIDE} 2011, October 10-14,
	2011, Stanford, California, {USA}},
	year      = {2011},
}

@article{gervas-2005-story-plot-generation-based-on-cbr,
	author    = {Pablo Gerv{\'{a}}s and
	Bel{\'{e}}n D{\'{\i}}az{-}Agudo and
	Federico Peinado and
	Raquel Herv{\'{a}}s},
	title     = {Story plot generation based on {CBR}},
	journal   = {Knowl.-Based Syst.},
	volume    = {18},
	number    = {4-5},
	pages     = {235--242},
	year      = {2005},
}

@misc{grammar-monster-what-are-clauses,
	author = "{Author GrammarMonster}",
	title = "What are clauses? with examples",
	year = "latest version",
	howpublished = "\url{https://www.grammar-monster.com/glossary/clause.htm}"
}

@inproceedings{clark-2018-neural-text-generation-in-stories-using-entity-representations-as-context,
	title = "Neural Text Generation in Stories Using Entity Representations as Context",
	author = "Clark, Elizabeth  and
	Ji, Yangfeng  and
	Smith, Noah A.",
	booktitle = "Proceedings of the 2018 Conference of the North {A}merican Chapter of the Association for Computational Linguistics: Human Language Technologies, Volume 1 (Long Papers)",
	month = jun,
	year = "2018",
	address = "New Orleans, Louisiana",
	publisher = "Association for Computational Linguistics",
	url = "https://www.aclweb.org/anthology/N18-1204",
	doi = "10.18653/v1/N18-1204",
	pages = "2250--2260",
}

@misc{cmu-movie-summary-corpus,
	author = "{David Bamman and
	Brendan O'Connor and
	Noah A. Smith}",
	title = "CMU Movie Summary Corpus",
	year = "latest version",
	howpublished = "\url{http://www.cs.cmu.edu/~ark/personas/}"
}
@inproceedings{bamman-2014-learning-latent-personas-of-film-characters,
	author    = {David Bamman and
	Brendan O'Connor and
	Noah A. Smith},
	title     = {Learning Latent Personas of Film Characters},
	booktitle = {Proceedings of the 51st Annual Meeting of the Association for Computational
	Linguistics, {ACL} 2013, 4-9 August 2013, Sofia, Bulgaria, Volume
	1: Long Papers},
	pages     = {352--361},
	year      = {2013},
}

@article{grosz-1995-centering-a-framework-for-modeling-the-local-coherence-of-discourse,
	title = "{C}entering: A Framework for Modeling the Local Coherence of Discourse",
	author = "Grosz, Barbara J.  and
	Joshi, Aravind K.  and
	Weinstein, Scott",
	journal = "Computational Linguistics",
	volume = "21",
	number = "2",
	year = "1995",
	url = "https://www.aclweb.org/anthology/J95-2003",
	pages = "203--225",
}
@inproceedings{futrell-2018-the-natural-stories-corpus,
	author    = {Richard Futrell and
	Edward Gibson and
	Harry Tily and
	Idan Blank and
	Anastasia Vishnevetsky and
	Steven T. Piantadosi and
	Evelina Fedorenko},
	title     = {The Natural Stories Corpus},
	booktitle = {Proceedings of the Eleventh International Conference on Language Resources
	and Evaluation, {LREC} 2018, Miyazaki, Japan, May 7-12, 2018.},
	year      = {2018},
}
@inproceedings{goldhahn-2012-building-large-monolingual-dictionaries-at-the-leipzig-corpora-collection-from-100-to-200-languages,
	author    = {Dirk Goldhahn and
	Thomas Eckart and
	Uwe Quasthoff},
	title     = {Building Large Monolingual Dictionaries at the Leipzig Corpora Collection:
	From 100 to 200 Languages},
	booktitle = {Proceedings of the Eighth International Conference on Language Resources
	and Evaluation, {LREC} 2012, Istanbul, Turkey, May 23-25, 2012},
	pages     = {759--765},
	year      = {2012},
}
inproceedings{cordoba-2007-language-identification-based-on-n-gram-frequency-ranking,
	author    = {Ricardo de C{\'{o}}rdoba and
	Luis Fernando D'Haro and
	Fernando Fern{\'{a}}ndez{-}Mart{\'{\i}}nez and
	Javier Mac{\'{\i}}as Guarasa and
	Javier Ferreiros},
	title     = {Language identification based on n-gram frequency ranking},
	booktitle = {{INTERSPEECH} 2007, 8th Annual Conference of the International Speech
	Communication Association, Antwerp, Belgium, August 27-31, 2007},
	pages     = {354--357},
	year      = {2007},
}

@article{ramisch-2008-n-gram-models-for-language-detection,
	author    = {Carlos Ramisch},
	title     = {N-gram models for language detection},
	year      = {2008},
}

@inproceedings{li-2018-generating-reasonable-and-diversified-story-ending-using-sequence-to-sequence-model-with-adversarial-training,
	title = {Generating Reasonable and Diversified Story Ending Using Sequence to Sequence Model with Adversarial Training},
	author = {Li, Zhongyang  and
	Ding, Xiao  and
	Liu, Ting},
	booktitle = {Proceedings of the 27th International Conference on Computational Linguistics},
	year = {2018},
	pages = {1033--1043},
}

@article{turney-2010-from-frequency-to-meaning-vector-space-models-of-semantics,
	author    = {Peter D. Turney and
	Patrick Pantel},
	title     = {From Frequency to Meaning: Vector Space Models of Semantics},
	journal   = {CoRR},
	volume    = {abs/1003.1141},
	year      = {2010},
}

@inproceedings{li-2010-sentiment-classification-and-polarity-shifting,
	author    = {Shoushan Li and
	Sophia Yat Mei Lee and
	Ying Chen and
	Chu{-}Ren Huang and
	Guodong Zhou},
	title     = {Sentiment Classification and Polarity Shifting},
	booktitle = {{COLING} 2010, 23rd International Conference on Computational Linguistics,
	Proceedings of the Conference, 23-27 August 2010, Beijing, China},
	pages     = {635--643},
	year      = {2010},
}

@inproceedings{moilanen-2007-sentiment-composition,
	author = {Moilanen, Karo and Pulman, Stephen},
	year = {2007},
	month = {09},
	pages = {},
	title = {Sentiment Composition}
}

@article{israel-2001-minimizers-maximizers-and-the-rhetoric-of-scalar-reasoning,
	title={Minimizers, Maximizers and the Rhetoric of Scalar Reasoning},
	author={Michael Israel},
	journal={J. Semantics},
	year={2001},
	volume={18},
	pages={297-331}
}
@misc{scikit-learn-model-evaluation,
	author = "{Scikit-learn model evaluation authors}",
	title = "Model evaluation",
	year = "latest version",
	howpublished = "\url{https://scikit-learn.org/stable/modules/model_evaluation.html}"
}

@article{duchi-2011-adaptive-subgradient-methods-for-online-learning-and-stochastic-optimization,
	author    = {John C. Duchi and
	Elad Hazan and
	Yoram Singer},
	title     = {Adaptive Subgradient Methods for Online Learning and Stochastic Optimization},
	journal   = {J. Mach. Learn. Res.},
	volume    = {12},
	pages     = {2121--2159},
	year      = {2011}
}

@misc{wikipedia-recursive-neural-networks,
	author = "{Wikipedia contributors}",
	title = "Recursive neural network --- {Wikipedia}{,} The Free Encyclopedia",
	year = "2019",
	howpublished = "\url{https://en.wikipedia.org/w/index.php?title=Recursive_neural_network&oldid=896386853}",
	note = "[Online; accessed 9-July-2019]"
}

@misc{wikipedia-2019-principle-of-compositionality,
	author = "{Wikipedia authors of Principle of compositionality}",
	title = "Principle of compositionality --- {Wikipedia}{,} The Free Encyclopedia",
	year = "2019",
	url = "https://en.wikipedia.org/w/index.php?title=Principle_of_compositionality&oldid=887717411",
	note = "[Online; accessed 9-July-2019]"
}

@article{moeschler-2010-negation-scope-and-the-descriptive-metalinguistic-distinction,
	author    = {Jacques Moeschler},
	title     = {NEGATION, SCOPE AND THE DESCRIPTIVE/METALINGUISTIC DISTINCTION},
	journal   = {GG@G (Generative Grammar in Geneva)},
	volume    = {6},
	year      = {2010},
	pages     = {29--48}
}

@inproceedings{socher-2013-recursive-deep-models-for-semantic-compositionality-over-a-sentiment-treebank,
	author    = {Richard Socher and
	Alex Perelygin and
	Jean Wu and
	Jason Chuang and
	Christopher D. Manning and
	Andrew Y. Ng and
	Christopher Potts},
	title     = {Recursive Deep Models for Semantic Compositionality Over a Sentiment
	Treebank},
	booktitle = {Proceedings of the 2013 Conference on Empirical Methods in Natural
	Language Processing},
	pages     = {1631--1642},
	year      = {2013},
}

@inproceedings{kusner-2017-from-word-embeddings-to-document-distances,
	author    = {Matt J. Kusner and
	Yu Sun and
	Nicholas I. Kolkin and
	Kilian Q. Weinberger},
	title     = {From Word Embeddings To Document Distances},
	booktitle = {Proceedings of the 32nd International Conference on Machine Learning,
	{ICML} 2015, Lille, France, 6-11 July 2015},
	pages     = {957--966},
	year      = {2015},
}

@inproceedings{mikolov-2013-distributed-representations-of-words-and-phrases-and-their-compositionality,
	author = {Mikolov, Tomas and Sutskever, Ilya and Chen, Kai and Corrado, Greg and Dean, Jeffrey},
	title = {Distributed Representations of Words and Phrases and Their Compositionality},
	booktitle = {Proceedings of the 26th International Conference on Neural Information Processing Systems - Volume 2},
	series = {NIPS'13},
	year = {2013},
	tags={word embedding},
} 

@inproceedings{lavie-2007-proceedings-of-the-acl-workshop-on-intrinsic-and-extrinsic-evaluation-measures-for-machine-translation-and-or-summarization,
	title = "{METEOR: An Automatic Metric for MT Evaluation with Improved Correlation with Human Judgments}",
	author = "{Banerjee, Satanjeev  and
	Lavie, Alon},
	booktitle = {Proceedings of the {ACL} Workshop on Intrinsic and Extrinsic Evaluation Measures for Machine Translation and/or Summarization},
	year = {2005},
}

@inproceedings{papineni-2002-bleu-a-method-for-automatic-evaluation-of-machine-translation,
	author    = {Kishore Papineni and
	Salim Roukos and
	Todd Ward and
	Wei{-}Jing Zhu},
	title     = {Bleu: a Method for Automatic Evaluation of Machine Translation},
	booktitle = {Proceedings of the 40th Annual Meeting of the Association for Computational
	Linguistics, July 6-12, 2002, Philadelphia, PA, {USA.}},
	pages     = {311--318},
	year      = {2002},
	summary={propose an evaluation metric called Bilingual Evalu-
	ation Understudy (BLEU) that can automatically evaluate translation results
	with references based on the matching of n-grams.},
}

@inproceedings{crowston-2012-amazon-mechanical-turk-a-research-tool-for-organizations-and-information-systems-scholars,
	author    = {Kevin Crowston},
	title     = {Amazon Mechanical Turk: {A} Research Tool for Organizations and Information
	Systems Scholars},
	booktitle = {Shaping the Future of {ICT} Research. Methods and Approaches - {IFIP}
	{WG} 8.2, Working Conference, Tampa, FL, USA, December 13-14, 2012.
	Proceedings},
	pages     = {210--221},
	year      = {2012},
}

@article{speer-2016-conceptnet-55-an-open-multilingual-graph-of-general-knowledge,
	author    = {Robyn Speer and Joshua Chin and Catherine Havasi},
	title     = {ConceptNet 5.5: An Open Multilingual Graph of General Knowledge},
	journal   = {CoRR},
	volume    = {abs/1612.03975},
	year      = {2016},
}

@inproceedings{wiseman-2016-sequence-to-sequence-learning-as-beam-search-optimization,
	author    = {Sam Wiseman and Alexander M. Rush},
	title     = {Sequence-to-Sequence Learning as Beam-Search Optimization},
	booktitle = {Proceedings of the 2016 Conference on Empirical Methods in Natural
	Language Processing, {EMNLP} 2016, Austin, Texas, USA, November 1-4,
	2016},
	pages     = {1296--1306},
	year      = {2016}
}

@inproceedings{bahdanau-2015-neural-machine-translation-by-jointly-learning-to-align-and-translate,
	author    = {Dzmitry Bahdanau and
	Kyunghyun Cho and
	Yoshua Bengio},
	title     = {Neural Machine Translation by Jointly Learning to Align and Translate},
	booktitle = {3rd International Conference on Learning Representations, {ICLR} 2015,
	San Diego, CA, USA, May 7-9, 2015, Conference Track Proceedings},
	year      = {2015},
	tags={attention-based translation}
}

@inproceedings{mikolov-2010-recurrent-neural-network-based-language-model,
	author    = {Tomas Mikolov and
	Martin Karafi{\'{a}}t and
	Luk{\'{a}}s Burget and
	Jan Cernock{\'{y}} and
	Sanjeev Khudanpur},
	title     = {Recurrent neural network based language model},
	booktitle = {{INTERSPEECH} 2010, 11th Annual Conference of the International Speech
	Communication Association, Makuhari, Chiba, Japan, September 26-30,
	2010},
	pages     = {1045--1048},
	year      = {2010},
}
@inproceedings{kiddon-2017-globally-coherent-text-generation-with-neural-checklist-models,
	author    = {Chlo{\'{e}} Kiddon and
	Luke Zettlemoyer and
	Yejin Choi},
	title     = {Globally Coherent Text Generation with Neural Checklist Models},
	booktitle = {Proceedings of the 2016 Conference on Empirical Methods in Natural
	Language Processing, {EMNLP} 2016, Austin, Texas, USA, November 1-4,
	2016},
	pages     = {329--339},
	year      = {2016},
	crossref  = {DBLP:conf/emnlp/2016},
	url       = {http://aclweb.org/anthology/D/D16/D16-1032.pdf},
	timestamp = {Fri, 04 Nov 2016 14:45:31 +0100},
	biburl    = {https://dblp.org/rec/bib/conf/emnlp/KiddonZC16},
	bibsource = {dblp computer science bibliography, https://dblp.org}
}

@article{puduppully-2018-data-to-text-generation-with-content-selection-and-planning,
	author    = {Ratish Puduppully and
	Li Dong and
	Mirella Lapata},
	title     = {Data-to-Text Generation with Content Selection and Planning},
	journal   = {CoRR},
	volume    = {abs/1809.00582},
	year      = {2018},
}

@inproceedings{kontas-2012-unsupervised-concept-to-text-generation-with-hypergraphs-kontas-2012,
	author    = {Ioannis Konstas and
	Mirella Lapata},
	title     = {Unsupervised Concept-to-text Generation with Hypergraphs},
	booktitle = {Human Language Technologies: Conference of the North American Chapter
	of the Association of Computational Linguistics, Proceedings, June
	3-8, 2012, Montr{\'{e}}al, Canada},
	pages     = {752--761},
	year      = {2012}
}

@article{konstas-2013-a-global-model-for-concept-to-text-generation,
	author    = {Ioannis Konstas and
	Mirella Lapata},
	title     = {A Global Model for Concept-to-Text Generation},
	journal   = {J. Artif. Intell. Res.},
	volume    = {48},
	pages     = {305--346},
	year      = {2013},
	url       = {https://doi.org/10.1613/jair.4025},
	doi       = {10.1613/jair.4025},
	timestamp = {Mon, 21 Jan 2019 15:01:17 +0100},
	biburl    = {https://dblp.org/rec/bib/journals/jair/KonstasL13},
	bibsource = {dblp computer science bibliography, https://dblp.org}
}

@article{wang-2018-gated-hierarchical-attention-for-image-captioning,
	author    = {Qingzhong Wang and
	Antoni B. Chan},
	title     = {Gated Hierarchical Attention for Image Captioning},
	journal   = {CoRR},
	volume    = {abs/1810.12535},
	year      = {2018}
}
@inproceedings{lavoie-1999-a-fast-and-portable-realizer-for-text-generation-systems,
	author = {Lavoie, Benoit and Rambow, Owen},
	title = {A Fast and Portable Realizer for Text Generation Systems},
	booktitle = {Proceedings of the Fifth Conference on Applied Natural Language Processing},
	series = {ANLC '97},
	year = {1997},
	location = {Washington, DC},
	pages = {265--268},
	numpages = {4},
} 

@inproceedings{yang-2017-reference-aware-language-models,
	author    = {Zichao Yang and
	Phil Blunsom and
	Chris Dyer and
	Wang Ling},
	title     = {Reference-Aware Language Models},
	booktitle = {Proceedings of the 2017 Conference on Empirical Methods in Natural
	Language Processing, {EMNLP} 2017, Copenhagen, Denmark, September
	9-11, 2017},
	pages     = {1850--1859},
	year      = {2017}
}
@article{zhu-2012-towards-a-mixed-evaluation-approach-for-computational-narrative-systems,
	author = {Zhu, Jichen},
	year = {2019},
	month = {07},
	pages = {},
	title = {Towards a Mixed Evaluation Approach for Computational Narrative Systems}
}
@article{bringsjord-1999-artificial-intelligence-and-literary-creativity-inside-the-mind-of-brutus-a-storytelling-machine,
	author = {Selmer Bringsjord and David A. Ferrucci},
	year = {1999},
	month = {12},
	pages = {642-647},
	title = {Artificial Intelligence and Literary Creativity: Inside the Mind of BRUTUS, a Storytelling Machine},
	volume = {26},
	journal = {Computational Linguistics - COLI},
	doi = {10.1162/coli.2000.26.4.642}
}

@inproceedings{elson-2010-tense-and-aspect-assignment-in-narrative-discourse,
	author    = {David K. Elson and
	Kathleen R. McKeown},
	title     = {Tense and Aspect Assignment in Narrative Discourse},
	booktitle = {{INLG} 2010 - Proceedings of the Sixth International Natural Language
	Generation Conference, July 7-9, 2010, Trim, Co. Meath, Ireland},
	year      = {2010},
	crossref  = {DBLP:conf/inlg/2010},
	url       = {http://www.aclweb.org/anthology/W10-4205},
	timestamp = {Fri, 18 May 2018 15:15:22 +0200},
	biburl    = {https://dblp.org/rec/bib/conf/inlg/ElsonM10},
	bibsource = {dblp computer science bibliography, https://dblp.org}
}

@inproceedings{young-2008-computational-creativity-in-narrative-generation-utility-and-novelty-based-on-models-of-story-comprehension,
	author    = {R. Michael Young},
	title     = {Computational Creativity in Narrative Generation: Utility and Novelty
	Based on Models of Story Comprehension},
	booktitle = {Creative Intelligent Systems, Papers from the 2008 {AAAI} Spring Symposium,
	Technical Report SS-08-03, Stanford, California, USA, March 26-28,
	2008},
	pages     = {149--155},
	year      = {2008},
	url       = {http://www.aaai.org/Library/Symposia/Spring/2008/ss08-03-023.php}
}

@inproceedings{gervas-2010-engineering-linguistic-creativity-bird-flight-and-jet-planes,
	title = "Engineering Linguistic Creativity: Bird Flight and Jet Planes",
	author = "Gerv{\'a}s, Pablo",
	booktitle = "Proceedings of the {NAACL} {HLT} 2010 Second Workshop on Computational Approaches to Linguistic Creativity",
	year = "2010",
	address = "Los Angeles, California",
	publisher = "Association for Computational Linguistics",
	url = "https://www.aclweb.org/anthology/W10-0304",
	pages = "23--30",
}

@inproceedings{huhn-2009-handbook-of-narratology,
	title={Handbook of narratology},
	author={Hühn, P and Pier, J and Schmid, W},
	year={2009}
}

@inproceedings{gervas-2006-narrative-models-narratology-meets-artificial-intelligence,
	title={Narrative Models : Narratology Meets Artificial Intelligence},
	author={Pablo Gerv{\'a}s and Birte L{\"o}nneker-Rodman and Jan Christoph Meister and Federico Peinado},
	year={2006}
}

@article{herman-2007-storytelling-and-the-sciences-of-mind-cognitive-narratology-discursive-psychology-and-narratives-in-face-to-face-interaction,
	author = {Herman, David},
	year = {2007},
	month = {10},
	pages = {306-334},
	title = {Storytelling and the Sciences of Mind: Cognitive Narratology, Discursive Psychology, and Narratives in Face-to-Face Interaction},
	volume = {15},
	journal = {Narrative},
	doi = {10.1353/nar.2007.0023}
}

@book{propp-1968-morphology-of-the-folk-tale,
	author = {Vladimir Propp},
	title = {Morphology of the folk tale},
	date = {1968}
}

@inproceedings{ghuge-2013-survey-in-textual-entailment,
	title={Survey in Textual Entailment Swapnil Ghuge},
	author={Arindam Bhattacharya},
	year={2013}
}

@inproceedings{de-marneffe-2014-universal-stanford-dependencies-a-cross-linguistic-typology,
	author    = {Marie{-}Catherine de Marneffe and
	Timothy Dozat and
	Natalia Silveira and
	Katri Haverinen and
	Filip Ginter and
	Joakim Nivre and
	Christopher D. Manning},
	title     = {Universal Stanford dependencies: {A} cross-linguistic typology},
	booktitle = {Proceedings of the Ninth International Conference on Language Resources
	and Evaluation, {LREC} 2014, Reykjavik, Iceland, May 26-31, 2014.},
	pages     = {4585--4592},
	year      = {2014},
}

@inproceedings{gulcehre-2016-pointing-the-unknown-words,
	author    = {{\c{C}}aglar G{\"{u}}l{\c{c}}ehre and
	Sungjin Ahn and
	Ramesh Nallapati and
	Bowen Zhou and
	Yoshua Bengio},
	title     = {Pointing the Unknown Words},
	booktitle = {Proceedings of the 54th Annual Meeting of the Association for Computational
	Linguistics, {ACL} 2016, August 7-12, 2016, Berlin, Germany, Volume
	1: Long Papers},
	year      = {2016},
	url       = {http://aclweb.org/anthology/P/P16/P16-1014.pdf},
}

@incollection{jurafsky-2018-speech-and-language-processing,
	author      = "Daniel Jurafsky and James H. Martin",
	title       = "Dependency parsing",
	booktitle   = "Speech and Language Processing",
	publisher   = "Stanford University Press",
	address     = "Stanford",
	year        = 2018,
}

@incollection{jurafsky-2018-speech-and-language-processing-vector-semantics-and-embeddings,
	author      = "Daniel Jurafsky and James H. Martin",
	title       = "Vector semantics and embeddings",
	booktitle   = "Speech and Language Processing",
	publisher   = "Stanford University Press",
	address     = "Stanford",
	year        = 2018,
	chapter     = 6,
}

@incollection{jurafsky-2018-speech-and-language-processing-dependency-parsing,
	author      = "Daniel Jurafsky and James H. Martin",
	title       = "Semantic Role Labeling",
	booktitle   = "Speech and Language Processing",
	publisher   = "Stanford University Press",
	address     = "Stanford",
	year        = 2018,
	chapter     = 13,
}

@incollection{jurafsky-2018-speech-and-language-processing-semantic-role-labeling,
	author      = "Daniel Jurafsky and James H. Martin",
	title       = "Semantic Role Labeling",
	booktitle   = "Speech and Language Processing",
	publisher   = "Stanford University Press",
	address     = "Stanford",
	year        = 2018,
	chapter     = 18,
}

@incollection{jurafsky-2018-speech-and-language-processing-information-extraction,
	author      = "Daniel Jurafsky and James H. Martin",
	title       = "Information-extraction",
	booktitle   = "Speech and Language Processing",
	publisher   = "Stanford University Press",
	address     = "Stanford",
	year        = 2018,
	chapter     = 17,
}

@inproceedings{toutanova-2003-feature-rich-part-of-speech-tagging-with-a-cyclic-dependency-network,
	author    = {Kristina Toutanova and
	Dan Klein and
	Christopher D. Manning and
	Yoram Singer},
	title     = {Feature-Rich Part-of-Speech Tagging with a Cyclic Dependency Network},
	booktitle = {Human Language Technology Conference of the North American Chapter
	of the Association for Computational Linguistics, {HLT-NAACL} 2003,
	Edmonton, Canada, May 27 - June 1, 2003},
	year      = {2003},
}

@inbook{ryan-2007-toward-a-definition-of-nrrative,
	 place={Cambridge}, 
	 series={Cambridge Companions to Literature},
	  title={Toward a definition of narrative},
	   DOI={10.1017/CCOL0521856965.002}, 
	   booktitle={The Cambridge Companion to Narrative}, 
	   publisher={Cambridge University Press}, 
	   author={Ryan, Marie-Laure}, 
	   editor={Herman, DavidEditor}, 
	   year={2007}, 
	   pages={22–36}, 
	   collection={Cambridge Companions to Literature}
}

@inproceedings{mikolov-2013-efficient-estimation-of-word-representations-in-vector-space,
	author    = {Tomas Mikolov and
	Kai Chen and
	Greg Corrado and
	Jeffrey Dean},
	title     = {Efficient Estimation of Word Representations in Vector Space},
	booktitle = {1st International Conference on Learning Representations, {ICLR} 2013,
	Scottsdale, Arizona, USA, May 2-4, 2013, Workshop Track Proceedings},
	year      = {2013},
	url       = {http://arxiv.org/abs/1301.3781},
}

@article{collobert-2011-natural-language-processing-almost-from-scratch,
	author    = {Ronan Collobert and
	Jason Weston and
	L{\'{e}}on Bottou and
	Michael Karlen and
	Koray Kavukcuoglu and
	Pavel P. Kuksa},
	title     = {Natural Language Processing (Almost) from Scratch},
	journal   = {Journal of Machine Learning Research},
	volume    = {12},
	pages     = {2493--2537},
	year      = {2011},
}
@inproceedings{the-stanford-corenlp-natural-language-processing-toolkit-manning-2014,
	author    = {Christopher D. Manning and
	Mihai Surdeanu and
	John Bauer and
	Jenny Rose Finkel and
	Steven Bethard and
	David McClosky},
	title     = {The Stanford CoreNLP Natural Language Processing Toolkit},
	booktitle = {Proceedings of the 52nd Annual Meeting of the Association for Computational
	Linguistics, {ACL} 2014, June 22-27, 2014, Baltimore, MD, USA, System
	Demonstrations},
	pages     = {55--60},
	year      = {2014},
}

@inproceedings{a-survey-on-recent-advances-in-named-entity-recognition-from-deep-learning-models-yadav-2018,
	author    = {Vikas Yadav and
	Steven Bethard},
	title     = {A Survey on Recent Advances in Named Entity Recognition from Deep
	Learning models},
	booktitle = {Proceedings of the 27th International Conference on Computational
	Linguistics, {COLING} 2018, Santa Fe, New Mexico, USA, August 20-26,
	2018},
	pages     = {2145--2158},
	year      = {2018},
}
@book{clark-2010-the-handbook-of-computational-linguistics-and-natural-language-processing,
	author = {Alexander Clark, Chris Fox and Shalom Lappin},
	title = {The Handbook of Computational Linguistics and Natural Language Processing },
	date = {2010},
	publisher = {John Wiley and Sons Ltd}
}

@article{gervas-2009-computational-approaches-to-storytelling-and-creativity,
	author    = {Pablo Gerv{\'{a}}s},
	title     = {Computational Approaches to Storytelling and Creativity},
	journal   = {{AI} Magazine},
	volume    = {30},
	number    = {3},
	pages     = {49--62},
	year      = {2009},
}

@article{kybartas-2016-a-survey-on-story-generation-techniques-for-authoring-computational-narratives,
	author    = {Ben A. Kybartas and
	Rafael Bidarra},
	title     = {A Survey on Story Generation Techniques for Authoring Computational
	Narratives},
	journal   = {{IEEE} Trans. Comput. Intellig. and {AI} in Games},
	volume    = {9},
	number    = {3},
	pages     = {239--253},
	year      = {2017},
	url       = {https://doi.org/10.1109/TCIAIG.2016.2546063},
	doi       = {10.1109/TCIAIG.2016.2546063},
}

@inproceedings{no-metrics-are-perfect-adversarial-reward-learning-for-visual-storytelling-wang-2018,
	author    = {Xin Wang and
	Wenhu Chen and
	Yuan{-}Fang Wang and
	William Yang Wang},
	title     = {No Metrics Are Perfect: Adversarial Reward Learning for Visual Storytelling},
	booktitle = {Proceedings of the 56th Annual Meeting of the Association for Computational
	Linguistics, {ACL} 2018, Melbourne, Australia, July 15-20, 2018, Volume
	1: Long Papers},
	pages     = {899--909},
	year      = {2018},
	crossref  = {DBLP:conf/acl/2018-1},
	url       = {https://aclanthology.info/papers/P18-1083/p18-1083},
}
@inproceedings{a-hierarchical-approach-for-generating-descriptive-image-paragraphs-krause-2017,
	author    = {Jonathan Krause and
	Justin Johnson and
	Ranjay Krishna and
	Li Fei{-}Fei},
	title     = {A Hierarchical Approach for Generating Descriptive Image Paragraphs},
	booktitle = {2017 {IEEE} Conference on Computer Vision and Pattern Recognition,
	{CVPR} 2017, Honolulu, HI, USA, July 21-26, 2017},
	pages     = {3337--3345},
	year      = {2017},
	crossref  = {DBLP:conf/cvpr/2017},
	url       = {https://doi.org/10.1109/CVPR.2017.356},
	doi       = {10.1109/CVPR.2017.356},
}
@inproceedings{automatic-corpus-extension-for-data-driven-natural-language-generation-manishina-2016,
	author    = {Elena Manishina and
	Bassam Jabaian and
	St{\'{e}}phane Huet and
	Fabrice Lef{\`{e}}vre},
	title     = {Automatic Corpus Extension for Data-driven Natural Language Generation},
	booktitle = {Proceedings of the Tenth International Conference on Language Resources
	and Evaluation {LREC} 2016, Portoro{\v{z}}, Slovenia, May 23-28, 2016.},
	year      = {2016},
	crossref  = {DBLP:conf/lrec/2016},
	url       = {http://www.lrec-conf.org/proceedings/lrec2016/summaries/571.html},
}

@book{narratology-bal-2009,
	author = {Bal, M},
	title = {Narratology},
	date = {2009},
	publisher = {The name of the publisher},
	edition = {Third edition},
}

@article{problematizing-formalism-a-double-cross-of-genre-boundaries-cain-1999,
	ISSN = {0010096X},
	URL = {http://www.jstor.org/stable/358965},
	author = {Mary Ann Cain},
	journal = {College Composition and Communication},
	number = {1},
	pages = {89--95},
	publisher = {National Council of Teachers of English},
	title = {Problematizing Formalism: A Double-Cross of Genre Boundaries},
	volume = {51},
	year = {1999}
}
@inproceedings{mcintyre-2010-plot-induction-and-evolutionary-search-for-story-generation,
	author    = {Neil Duncan McIntyre and
	Mirella Lapata},
	title     = {Plot Induction and Evolutionary Search for Story Generation},
	booktitle = {{ACL} 2010, Proceedings of the 48th Annual Meeting of the Association
	for Computational Linguistics, July 11-16, 2010, Uppsala, Sweden},
	pages     = {1562--1572},
	year      = {2010},
	crossref  = {DBLP:conf/acl/2010},
	url       = {http://www.aclweb.org/anthology/P10-1158},
}

@inproceedings{unsupervised-learning-of-narrative-event-chains-chambers-2008,
	author    = {Nathanael Chambers and
	Daniel Jurafsky},
	title     = {Unsupervised Learning of Narrative Event Chains},
	booktitle = {{ACL} 2008, Proceedings of the 46th Annual Meeting of the Association
	for Computational Linguistics, June 15-20, 2008, Columbus, Ohio, {USA}},
	pages     = {789--797},
	year      = {2008},
	crossref  = {DBLP:conf/acl/2008},
	url       = {http://www.aclweb.org/anthology/P08-1090},
}

@inproceedings{wanzare-2017-inducing-script-structure-from-crowdsourced-event-descriptions-via-semi-supervised-clustering,
	author    = {Lilian D. A. Wanzare and
	Alessandra Zarcone and
	Stefan Thater and
	Manfred Pinkal},
	title     = {Inducing Script Structure from Crowdsourced Event Descriptions via
	Semi-Supervised Clustering},
	booktitle = {Proceedings of the 2nd Workshop on Linking Models of Lexical, Sentential
	and Discourse-level Semantics, LSDSem@EACL 2017, Valencia, Spain,
	April 3, 2017},
	pages     = {1--11},
	year      = {2017},
}

@inproceedings{denberg-2019-a-hybrid-model-for-globally-coherent-story-generation,
	author    = {Vera Demberg},
	title     = {A Hybrid Model for Globally Coherent Story Generation},
	journal   = {ACL},
	year      = {2019}
}

@inproceedings{inducing-script-structure-from-crowdsourced-event-descriptions-wanzare-2017,
	author    = {Lilian D. A. Wanzare and
	Alessandra Zarcone and
	Stefan Thater and
	Manfred Pinkal},
	title     = {Inducing Script Structure from Crowdsourced Event Descriptions via
	Semi-Supervised Clustering},
	booktitle = {Proceedings of the 2nd Workshop on Linking Models of Lexical, Sentential
	and Discourse-level Semantics, LSDSem@EACL 2017, Valencia, Spain,
	April 3, 2017},
	pages     = {1--11},
	year      = {2017},
}
@inproceedings{creativity-as-a-web-service-a-vision-of-human-and-computer-creativity-in-the-web-era-veale-2013,
	author    = {Tony Veale},
	title     = {Creativity as a Web Service: {A} Vision of Human and Computer Creativity
	in the Web Era},
	booktitle = {Creativity and (Early) Cognitive Development: {A} Perspective from
	Artificial Creativity, Developmental AI, and Robotics, Papers from
	the 2013 {AAAI} Spring Symposium, Palo Alto, California, USA, March
	25-27, 2013},
	year      = {2013},
}

@article{the-evolution-of-protege-an-environment-for-knowledge-based-systems-development-g-2002uage-reference-w3-2004,
	author    = {John H. Gennari and
	Mark A. Musen and
	Ray W. Fergerson and
	William E. Grosso and
	Monica Crub{\'{e}}zy and
	Henrik Eriksson and
	Natalya Fridman Noy and
	Samson W. Tu},
	title     = {The evolution of Prot{\'{e}}g{\'{e}}: an environment for
	knowledge-based systems development},
	journal   = {Int. J. Hum.-Comput. Stud.},
	volume    = {58},
	number    = {1},
	pages     = {89--123},
	year      = {2003}
}
@online{owl-web-ontology-language-reference-w3c-2004,
	author = {W3C},
	title = {OWL Web Ontology Language Reference},
	url = {https://www.w3.org/TR/owl-ref/},
	year="2004"
}
@MISC{theorising-video-game-narrative-majewski-2003,
	author = {Jakub Majewski and Minor Thesis},
	title = {THEORISING VIDEO GAME NARRATIVE},
	year = {2003}
}
@article{say-anything-using-textual-case-based-reasoning-to-enable-open-domain-interactive-storytelling-swanson-2012,
	author    = {Reid Swanson and Andrew S. Gordon},
	title     = {Say Anything: Using Textual Case-Based Reasoning to Enable Open-Domain Interactive Storytelling},
	journal   = {TiiS},
	volume    = {2},
	number    = {3},
	pages     = {16:1--16:35},
	year      = {2012},
	url       = {https://doi.org/10.1145/2362394.2362398},
	doi       = {10.1145/2362394.2362398},
}
@online{acl-wiki-list-of-linguistics-journals,
	author = {AclWeb},
	title = {Acl Wiki list of linguistic-related journals},
	url = {https://aclweb.org/aclwiki/Journals},
	year=""
}

@inproceedings{toward-automated-story-generation-with-markov-chain-monte-carlo-methods-and-deep-neural-networks-harrison-2017,
	title={Toward Automated Story Generation with Markov Chain Monte Carlo Methods and Deep Neural Networks},
	author={Brent Harrison and Christopher Purdy and Mark O. Riedl},
	year={2017}
}

@article{story-plot-generation-based-on-cbr-gervas-2005,
	title={Story plot generation based on CBR},
	author={Pablo Gerv{\'a}s and Bel{\'e}n D{\'i}az-Agudo and Federico Peinado and Raquel Herv{\'a}s},
	journal={Knowl.-Based Syst.},
	year={2005},
	volume={18},
	pages={235-242}
}
@article{crowdsourcing-narrative-intelligence-li-2012,
	author = {Li, B., Lee-Urban, S., Appling, D.S., and Riedl, M.O.},
	year = {2012},
	pages = {25-42},
	title = {Crowdsourcing Narrative Intelligence},
	volume = {2},
	journal = {Advances in Cognitive Systems,}
}
@article{young-2013-plans-and-planning-in-narrative-generation-a-review-of-plan-based-approaches-to-the-generation-of-story-discourse-and-interactivity-in-narratives,
	author = {R Young, Michael and Ware, Stephen and Cassell, Brad and Robertson, Justus},
	year = {2013},
	month = {01},
	pages = {41-64},
	title = {Plans and Planning in Narrative Generation: A Review of Plan-Based Approaches to the Generation of Story, Discourse and Interactivity in Narratives},
	volume = {37},
	journal = {SDV: Sprache und Datenverarbeitung: Intenational Journal of Language Processing}
}
@inproceedings{purdy-2018-predicting-generated-story-quality-with-quantitative-measures,
	author    = {Christopher Purdy and
	Xinyu Wang and
	Larry He and
	Mark Riedl},
	title     = {Predicting Generated Story Quality with Quantitative Measures},
	booktitle = {Proceedings of the Fourteenth {AAAI} Conference on Artificial Intelligence
	and Interactive Digital Entertainment, {AIIDE} 2018, November 13-17,
	2018, Edmonton, Alberta, Canada},
	pages     = {95--101},
	year      = {2018},
	crossref  = {DBLP:conf/aiide/2018},
	url       = {https://aaai.org/ocs/index.php/AIIDE/AIIDE18/paper/view/18106},
}

@article{inscript-narrative-texts-annotated-with-script-information-modi-2017,
	author    = {Ashutosh Modi and
	Tatjana Anikina and
	Simon Ostermann and
	Manfred Pinkal},
	title     = {InScript: Narrative texts annotated with script information},
	journal   = {CoRR},
	volume    = {abs/1703.05260},
	year      = {2017},
	url       = {http://arxiv.org/abs/1703.05260},
	archivePrefix = {arXiv},
	eprint    = {1703.05260},
}

@book{the-handbook-of-artificial-intelligence-barr-1981,
	author = {Barr, A. and Feigenbaum},
	title = {The Handbook of
	Artificial Intelligence},
	date = {1981},
	publisher={Addison-Wesley},
}


@article{bruner-2011-the-narrative-construction-of-reality,
	ISSN = {00931896, 15397858},
	URL = {http://www.jstor.org/stable/1343711},
	author = {Jerome Bruner},
	journal = {Critical Inquiry},
	number = {1},
	pages = {1--21},
	publisher = {The University of Chicago Press},
	title = {The Narrative Construction of Reality},
	volume = {18},
	year = {1991}
}


@inproceedings{a-fast-and-portable-realizer-for-text-generation-systems-lavoie-1997,
	author = {Lavoie, Benoit and Rambow, Owen},
	title = {A Fast and Portable Realizer for Text Generation Systems},
	booktitle = {Proceedings of the Fifth Conference on Applied Natural Language Processing},
	series = {ANLC '97},
	year = {1997},
	location = {Washington, DC},
	pages = {265--268},
	numpages = {4},
	url = {https://doi.org/10.3115/974557.974596},
	doi = {10.3115/974557.974596},
	acmid = {974596},
	publisher = {Association for Computational Linguistics},
	address = {Stroudsburg, PA, USA},
} 
@inproceedings{mcintyre-2009-learning-to-tell-tales-a-data-driven-approach-to-story-generation,
	author    = {Neil Duncan McIntyre and
	Mirella Lapata},
	title     = {Learning to Tell Tales: {A} Data-driven Approach to Story Generation},
	booktitle = {{ACL} 2009, Proceedings of the 47th Annual Meeting of the Association
	for Computational Linguistics and the 4th International Joint Conference
	on Natural Language Processing of the AFNLP, 2-7 August 2009, Singapore},
	pages     = {217--225},
	year      = {2009},
}
@inproceedings{ordering-events-in-interactive-fiction-narratives-montfort-2007,
	author    = {Nick Montfort},
	title     = {Ordering Events in Interactive Fiction Narratives},
	booktitle = {Intelligent Narrative Technologies, Papers from the 2007 {AAAI} Fall
	Symposium, Arlington, Virginia, USA, November 9-11, 2007.},
	pages     = {87--94},
	year      = {2007},
}
@inproceedings{meehan-1977-tale-spin-an-interactive-program-that-writes-stories,
	author    = {James R. Meehan},
	title     = {TALE-SPIN, An Interactive Program that Writes Stories},
	booktitle = {Proceedings of the 5th International Joint Conference on Artificial
	Intelligence. Cambridge, MA, USA, August 22-25, 1977},
	pages     = {91--98},
	year      = {1977}
}
@article{gatt-2018-survey-of-the-state-of-the-art-in-natural-language-generation-core-tasks-applications-and-evaluation,
	author    = {Albert Gatt and Emiel Krahmer},
	title     = {Survey of the State of the Art in Natural Language Generation: Core
	tasks, applications and evaluation},
	journal   = {J. Artif. Intell. Res.},
	volume    = {61},
	pages     = {65--170},
	year      = {2018},
}

@book{course-in-general-linguistics-saussure-1974,
	author = {Saussure, de, F},
	title = {Course in General Linguistics},
	date = {1974},
	publisher = {Fontana/Collins},
	translator   = {W. Baskin},
	location     = {London},
}
@book{narratology-bal-2009,
	author = {Bal, M},
	title = {Narratology},
	date = {2009},
	edition = {3},
}

@article{problematizing-formalism-a-double-cross-of-genre-boundaries-cain-1999,
	ISSN = {0010096X},
	URL = {http://www.jstor.org/stable/358965},
	author = {Mary Ann Cain},
	journal = {College Composition and Communication},
	number = {1},
	pages = {89--95},
	publisher = {National Council of Teachers of English},
	title = {Problematizing Formalism: A Double-Cross of Genre Boundaries},
	volume = {51},
	year = {1999},
}


@online{story-vs-narrative-beemgee,
	author = {Beemgee},
	title = {Story vs. Narrative},
	url = {https://www.beemgee.com/blog/story-vs-narrative/},
	year=""
}

@online{beemgee,
	author = {Beemgee},
	title = {Beemgee},
	url = {https://www.beemgee.com/},
	year="",
	email="{hello@beemgee.com}",
}

@article{story-generation-from-sequence-of-independent-short-descriptions-jain-2017,
	author    = {Parag Jain and Priyanka Agrawal and Abhijit Mishra and Mohak Sukhwani and
	Anirban Laha and
	Karthik Sankaranarayanan},
	title     = {Story Generation from Sequence of Independent Short Descriptions},
	journal   = {CoRR},
	volume    = {abs/1707.05501},
	year      = {2017},
}
@book{a-dictionary-of-narratology-prince-1987,
	author = {Prince, G},
	title = {A Dictionary of Narratology},
	year = {1987},
	publisher={Lincoln:	University of Nebraska Press},
}
@inproceedings{martin-2018-event-representations-for-automated-story-generation-with-deep-neural-nets,
	author    = {Lara J. Martin and Prithviraj Ammanabrolu and Xinyu Wang and 	William Hancock and Shruti Singh and Brent Harrison and Mark O. Riedl},
	title     = {Event Representations for Automated Story Generation with Deep Neural
	Nets},
	booktitle = {Proceedings of the Thirty-Second {AAAI} Conference on Artificial Intelligence},
	pages     = {868--875},
	year      = {2018},
	tags      = {story, dependency}
}
@inproceedings{pichotta-2016-learning-statistical-scripts-with-lstm-recurrent-neural-networks,
	author    = {Karl Pichotta and
	Raymond J. Mooney},
	title     = {Learning Statistical Scripts with {LSTM} Recurrent Neural Networks},
	booktitle = {Proceedings of the Thirtieth {AAAI} Conference on Artificial Intelligence,
	February 12-17, 2016, Phoenix, Arizona, {USA.}},
	pages     = {2800--2806},
	year      = {2016},
	crossref  = {DBLP:conf/aaai/2016},
	url       = {http://www.aaai.org/ocs/index.php/AAAI/AAAI16/paper/view/12157},
}

@inproceedings{mostafazadeh-2017-lsdsem-2017-shared-task-the-story-cloze-test,
	author    = {Nasrin Mostafazadeh and
	Michael Roth and
	Annie Louis and
	Nathanael Chambers and
	James Allen},
	title     = {LSDSem 2017 Shared Task: The Story Cloze Test},
	booktitle = {Proceedings of the 2nd Workshop on Linking Models of Lexical, Sentential
	and Discourse-level Semantics, LSDSem@EACL 2017, Valencia, Spain,
	April 3, 2017},
	pages     = {46--51},
	year      = {2017},
	crossref  = {DBLP:conf/eacl/2017lsdsem},
	url       = {https://aclanthology.info/papers/W17-0906/w17-0906}
}

@article{mostafazadeh-2016-a-corpus-and-evaluation-framework-for-deeper-understanding-of-commonsense-stories,
	author    = {Nasrin Mostafazadeh and
	Nathanael Chambers and
	Xiaodong He and
	Devi Parikh and
	Dhruv Batra and
	Lucy Vanderwende and
	Pushmeet Kohli and
	James F. Allen},
	title     = {A Corpus and Evaluation Framework for Deeper Understanding of Commonsense
	Stories},
	journal   = {CoRR},
	volume    = {abs/1604.01696},
	year      = {2016},
}

@MISC{a-critical-review-of-interactive-drama-systems-arinbjarnar-2009,
	author = {Maria Arinbjarnar and Heather Barber and Daniel Kudenko},
	title = {A Critical Review of Interactive Drama Systems},
	year = {2009}
}

@inproceedings{improvisational-computational-storytelling-in-open-worlds-martin-2016,
	author    = {Lara J. Martin and Brent Harrison and Mark O. Riedl},
	title     = {Improvisational Computational Storytelling in Open Worlds},
	booktitle = {Interactive Storytelling - 9th International Conference on Interactive Digital Storytelling, {ICIDS} 2016, Los Angeles, CA, USA, November
	15-18, 2016, Proceedings},
	pages     = {73--84},
	year      = {2016},
}

@article{interactive-narrative-an-intelligent-systems-approach-riedl-2012,
	author    = {Mark O. Riedl and Vadim Bulitko},
	title     = {Interactive Narrative: An Intelligent Systems Approach},
	journal   = {{AI} Magazine},
	volume    = {34},
	number    = {1},
	pages     = {67--77},
	year      = {2013},
}

@inproceedings{li-2013-story-generation-with-crowdsourced-plot-graphs,
	author    = {Boyang Li and Stephen Lee{-}Urban and George Johnston and Mark Riedl},
	title     = {Story Generation with Crowdsourced Plot Graphs},
	booktitle = {Proceedings of the Twenty-Seventh {AAAI} Conference on Artificial
	Intelligence, July 14-18, 2013, Bellevue, Washington, {USA.}},
	year      = {2013},
}

@inproceedings{fan-2018-hierarchical-neural-story-generation,
	author    = {Angela Fan and Mike Lewis and Yann Dauphin},
	title     = {Hierarchical Neural Story Generation},
	booktitle = {Proceedings of the 56th Annual Meeting of the Association for Computational Linguistics, {ACL} 2018, Melbourne, Australia, July 15-20, 2018, Volume 1: Long Papers},
	pages     = {889--898},
	year      = {2018},
}

@inproceedings{xu-2018-a-skeleton-based-model-for-promoting-coherence-among-sentences-in-narrative-story-generation,
	author    = {Jingjing Xu and Xuancheng Ren and Yi Zhang and Qi Zeng and Xiaoyan Cai and Xu Sun},
	title     = {A Skeleton-Based Model for Promoting Coherence Among Sentences in
	Narrative Story Generation},
	booktitle = {Proceedings of the 2018 Conference on Empirical Methods in Natural
	Language Processing, Brussels, Belgium, October 31 - November 4, 2018},
	pages     = {4306--4315},
	year      = {2018},
	tags      = {story coherence, skeleton},
}
